<record><leader>00000cas a2200000 a 4500</leader><controlfield tag="001">12487481</controlfield><controlfield tag="008">850904d18981913ksuwr ne      0    0eng d</controlfield><datafield ind1=" " ind2=" " tag="010"><subfield code="a">sn 85029575 </subfield></datafield><datafield ind1=" " ind2=" " tag="040"><subfield code="a">KSH</subfield><subfield code="b">eng</subfield><subfield code="c">KSH</subfield><subfield code="d">NPT</subfield><subfield code="d">OCL</subfield><subfield code="d">OCLCQ</subfield></datafield><datafield ind1=" " ind2=" " tag="042"><subfield code="a">msc</subfield></datafield><datafield ind1="0" ind2="0" tag="245"><subfield code="a">Plainville gazette.</subfield></datafield><datafield ind1=" " ind2=" " tag="260"><subfield code="a">Plainville, Kan. :</subfield><subfield code="b">W.A. Hill,</subfield><subfield code="c">-1913.</subfield></datafield><datafield ind1=" " ind2=" " tag="300"><subfield code="a">v. :</subfield><subfield code="b">ill. ;</subfield><subfield code="c">50 cm.</subfield></datafield><datafield ind1=" " ind2=" " tag="310"><subfield code="a">Weekly</subfield></datafield><datafield ind1="0" ind2=" " tag="362"><subfield code="a">-v. 16, no. 6 (June 26, 1913).</subfield></datafield><datafield ind1="1" ind2=" " tag="362"><subfield code="a">Began in 1898.</subfield><subfield code="z">Cf. Rowell, 1900.</subfield></datafield><datafield ind1=" " ind2=" " tag="500"><subfield code="a">Published by: Hill &amp; King, Sept 9-Dec. 30, 1898; A.M. King, Jan. 6, 1899-Jan. 2, 1908; John Ford, Jan. 9, 1908-June 26, 1913.</subfield></datafield><datafield ind1=" " ind2=" " tag="500"><subfield code="a">"Will remain republican," Jan. 9, 1908-June 26, 1913.</subfield></datafield><datafield ind1=" " ind2=" " tag="588"><subfield code="a">Description based on: Vol. 1, no. 10 (July 1, 1898).</subfield></datafield><datafield ind1=" " ind2=" " tag="752"><subfield code="a">United States</subfield><subfield code="b">Kansas</subfield><subfield code="c">Rooks</subfield><subfield code="d">Plainville.</subfield></datafield><datafield ind1="0" ind2="4" tag="785"><subfield code="t">Plainville times (Plainville, Kan. : 1904)</subfield><subfield code="w">(DLC)sn 85029614</subfield></datafield><datafield ind1="1" ind2=" " tag="029"><subfield code="a">AU@</subfield><subfield code="b">000022171848</subfield></datafield></record>